@book{Koster2013,
 author={Raph Koster},
 title={A Theory of Fun for Game Design},
 publisher={O'Reilly Media},
 location={Sebastapol, CA},
 edition={second},
 year=2013
}
